@online{VueJS,
  title={Vue},
  author={},
  publisher= {},
  year={},
  note = {},
  url = {https://vuejs.org/},
  urldate = {2023-11-07},
}
@online{VueGuide,
  title={Vue Guide},
  author={},
  publisher= {},
  year={},
  note = {},
  url = {https://vuejs.org/tutorial/#step-1},
  urldate = {2023-11-07},
}
@online{Vuetify,
  title={Vuetify},
  author={},
  publisher= {},
  year={},
  note = {},
  url = {https://vuetifyjs.com/en/},
  urldate = {2023-12-23},
}
@online{VuetifyGuide,
  title={Vuetify Guide},
  author={},
  publisher= {},
  year={},
  note = {},
  url = {https://vuetifyjs.com/en/components/all/#containment},
  urldate = {2023-12-23},
}
@online{VuetifyChange,
  title={Vuetify change event in v-select},
  author={},
  publisher= {},
  year={},
  note = {},
  url = {https://stackoverflow.com/questions/71081377/vuetify-3-change-event-in-v-select},
  urldate = {2024-02-19},
}
@online{PrimeVue,
  title={PrimeVue Chart},
  author={},
  publisher= {},
  year={},
  note = {},
  url = {https://primevue.org/},
  urldate = {2024-03-29},
}
@online{Tailwind,
  title={Tailwind CSS},
  author={},
  publisher= {},
  year={},
  note = {},
  url = {https://tailwindcss.com/},
  urldate = {2023-02-20},
}
@online{Vite,
  title={Vite.js},
  author={},
  publisher= {},
  year={},
  note = {},
  url = {https://vitejs.dev/},
  urldate = {2023-11-07},
}
@online{Stack1,
  title={Problém s načítáním CSS a JS souborů},
  author={},
  publisher= {},
  year={},
  note = {},
  url = {https://stackoverflow.com/questions/63007293/vuejs-loading-css-and-js-files-giving-mime-type-error},
  urldate = {2024-01-07},
}
@online{Stack2,
  title={Google-one-tap},
  author={},
  publisher= {},
  year={},
  note = {},
  url = {https://stackoverflow.com/questions/tagged/google-one-tap?tab=Frequent},
  urldate = {2023-11-07},
}
@online{Stack3,
  title={Vue\&Vite\&Express},
  author={},
  publisher= {},
  year={},
  note = {},
  url = {https://github.com/szymmis/vite-express},
  urldate = {2023-11-07},
}
@online{Stack4,
  title={Axios get request error},
  author={},
  publisher= {},
  year={},
  note = {},
  url = {https://stackoverflow.com/questions/60076226/html-in-vue-js-not-updating-after-axios-get-request-updates-objects-property},
  urldate = {2024-02-16},
}